@inproceedings{samir2007swing2script,
  title={Swing2script: Migration of java-swing applications to ajax web applications},
  author={Samir, Hani and Stroulia, Eleni and Kamel, Amr},
  booktitle={Reverse Engineering, 2007. WCRE 2007. 14th Working Conference on},
  pages={179--188},
  year={2007},
  organization={IEEE}
}

@inproceedings{zhong2010mining,
  title={Mining API mapping for language migration},
  author={Zhong, Hao and Thummalapenta, Suresh and Xie, Tao and Zhang, Lu and Wang, Qing},
  booktitle={Proceedings of the 32nd ACM/IEEE International Conference on Software Engineering-Volume 1},
  pages={195--204},
  year={2010},
  organization={ACM}
}

@inproceedings{nguyen2014statistical,
  title={Statistical learning approach for mining API usage mappings for code migration},
  author={Nguyen, Anh Tuan and Nguyen, Hoan Anh and Nguyen, Tung Thanh and Nguyen, Tien N},
  booktitle={Proceedings of the 29th ACM/IEEE international conference on Automated software engineering},
  pages={457--468},
  year={2014},
  organization={ACM}
}

@inproceedings{teyton2013automatic,
  title={Automatic discovery of function mappings between similar libraries},
  author={Teyton, C{\'e}dric and Falleri, Jean-R{\'e}my and Blanc, Xavier},
  booktitle={Reverse Engineering (WCRE), 2013 20th Working Conference on},
  pages={192--201},
  year={2013},
  organization={IEEE}
}

@inproceedings{phan2017statistical,
  title={Statistical migration of API usages},
  author={Phan, Hung Dang and Nguyen, Anh Tuan and Nguyen, Trong Duc and Nguyen, Tien N},
  booktitle={Software Engineering Companion (ICSE-C), 2017 IEEE/ACM 39th International Conference on},
  pages={47--50},
  year={2017},
  organization={IEEE}
}

@article{hora2015automatic,
  title={Automatic detection of system-specific conventions unknown to developers},
  author={Hora, Andr{\'e} and Anquetil, Nicolas and Etien, Anne and Ducasse, St{\'e}phane and Valente, Marco T{\'u}lio},
  journal={Journal of Systems and Software},
  volume={109},
  pages={192--204},
  year={2015},
  publisher={Elsevier}
}

@article{baki2016multi,
  title={Multi-step learning and adaptive search for learning complex model transformations from examples},
  author={Baki, Islem and Sahraoui, Houari},
  journal={ACM Transactions on Software Engineering and Methodology (TOSEM)},
  volume={25},
  number={3},
  pages={20},
  year={2016},
  publisher={ACM}
}

@inproceedings{falleri2008metamodel,
  title={Metamodel matching for automatic model transformation generation},
  author={Falleri, Jean-R{\'e}my and Huchard, Marianne and Lafourcade, Mathieu and Nebut, Cl{\'e}mentine},
  booktitle={International Conference on Model Driven Engineering Languages and Systems},
  pages={326--340},
  year={2008},
  organization={Springer}
}

@article{wang2017automatic,
  title={An automatic model-to-model mapping and transformation methodology to serve model-based systems engineering},
  author={Wang, Tiexin and Truptil, Sebastien and Benaben, Frederick},
  journal={Information Systems and e-Business Management},
  volume={15},
  number={2},
  pages={323--376},
  year={2017},
  publisher={Springer}
}

@inproceedings{brant2010extreme,
  title={Extreme maintenance: Transforming Delphi into C},
  author={Brant, John and Roberts, Don and Plendl, Bill and Prince, Jeff},
  booktitle={Software Maintenance (ICSM), 2010 IEEE International Conference on},
  pages={1--8},
  year={2010},
  organization={IEEE}
}

@article{newman2017simplifying,
  title={Simplifying the construction of source code transformations via automatic syntactic restructurings},
  author={Newman, Christian D and Bartman, Brian and Collard, Michael L and Maletic, Jonathan I},
  journal={Journal of Software: Evolution and Process},
  volume={29},
  number={4},
  year={2017},
  publisher={Wiley Online Library}
}

@article{mukherjee2011automatic,
  title={Automatic algorithm specification to source code translation},
  author={Mukherjee, Suvam and Chakrabarti, Tamal},
  journal={Indian Journal of Computer Science and Engineering (IJCSE)},
  volume={2},
  number={2},
  pages={146--159},
  year={2011}
}

@inproceedings{fleurey2007model,
  title={Model-driven engineering for software migration in a large industrial context},
  author={Fleurey, Franck and Breton, Erwan and Baudry, Benoit and Nicolas, Alain and J{\'e}z{\'e}quel, Jean-Marc},
  booktitle={International Conference on Model Driven Engineering Languages and Systems},
  pages={482--497},
  year={2007},
  organization={Springer}
}

@article{garces2017white,
  title={White-box modernization of legacy applications: The oracle forms case study},
  author={Garc{\'e}s, Kelly and Casallas, Rubby and {\'A}lvarez, Camilo and Sandoval, Edgar and Salamanca, Alejandro and Viera, Fredy and Melo, Fabi{\'a}n and Soto, Juan Manuel},
  journal={Computer Standards \& Interfaces},
  year={2017},
  publisher={Elsevier}
}

@inproceedings{chen2016mining,
  title={Mining analogical libraries in q\&a discussions--incorporating relational and categorical knowledge into word embedding},
  author={Chen, Chunyang and Gao, Sa and Xing, Zhenchang},
  booktitle={Software Analysis, Evolution, and Reengineering (SANER), 2016 IEEE 23rd International Conference on},
  volume={1},
  pages={338--348},
  year={2016},
  organization={IEEE}
}

@inproceedings{morgado2011reverse,
  title={Reverse engineering of graphical user interfaces},
  author={Morgado, I Coimbra and Paiva, Ana and Faria, J Pascoal},
  booktitle={The Sixth International Conference on Software Engineering Advances, Barcelona},
  pages={293--298},
  year={2011}
}

@inproceedings{staiger2007reverse,
  title={Reverse engineering of graphical user interfaces using static analyses},
  author={Staiger, Stefan},
  booktitle={Reverse Engineering, 2007. WCRE 2007. 14th Working Conference on},
  pages={189--198},
  year={2007},
  organization={IEEE}
}

@inproceedings{shah2011reverse,
  title={Reverse-engineering user interfaces to facilitateporting to and across mobile devices and platforms},
  author={Shah, Eeshan and Tilevich, Eli},
  booktitle={Proceedings of the compilation of the co-located workshops on DSM'11, TMC'11, AGERE! 2011, AOOPES'11, NEAT'11, \& VMIL'11},
  pages={255--260},
  year={2011},
  organization={ACM}
}

@inproceedings{sanchez2014model,
  title={Model-driven reverse engineering of legacy graphical user interfaces},
  author={S{\'a}nchez Ram{\'o}n, {\'O}scar and S{\'a}nchez Cuadrado, Jes{\'u}s and Garc{\'\i}a Molina, Jes{\'u}s},
  booktitle={Proceedings of the IEEE/ACM international conference on Automated software engineering},
  pages={147--186},
  year={2014},
  organization={ACM}
}

@inproceedings{rolim2017learning,
  title={Learning syntactic program transformations from examples},
  author={Rolim, Reudismam and Soares, Gustavo and D'Antoni, Loris and Polozov, Oleksandr and Gulwani, Sumit and Gheyi, Rohit and Suzuki, Ryo and Hartmann, Bj{\"o}rn},
  booktitle={Proceedings of the 39th International Conference on Software Engineering},
  pages={404--415},
  year={2017},
  organization={IEEE Press}
}

@inproceedings{silva2010guisurfer,
  title={The GUISurfer tool: towards a language independent approach to reverse engineering GUI code},
  author={Silva, Jo{\~a}o Carlos and Silva, Carlos and Gon{\c{c}}alo, Rui D and Saraiva, Jo{\~a}o and Campos, Jos{\'e} Creissac},
  booktitle={Proceedings of the 2nd ACM SIGCHI symposium on Engineering interactive computing systems},
  pages={181--186},
  year={2010},
  organization={ACM}
}

@inproceedings{gotti2016java,
	title = {Java Swing Modernization Approach: Complete Abstract Representation based on Static and Dynamic Analysis},
	publisher = {SCITEPRESS - Science and Technology Publications},
	author = {Gotti, Zineb and Mbarki, Samir},
	year = {2016},
	pages = {210--219},
}

@inproceedings{MemonWCRE2003,
   author = {Atif M. Memon and Ishan Banerjee and Adithya Nagarajan},
   title = {{GUI} Ripping: Reverse Engineering of Graphical User Interfaces for Testing},
   booktitle = {Proceedings of The 10th Working Conference on Reverse	Engineering},
   month = nov,
   year = {2003}
}

@inproceedings{lelli2016automatic,
  title={Automatic detection of GUI design smells: The case of blob listener},
  author={Lelli, Val{\'e}ria and Blouin, Arnaud and Baudry, Benoit and Coulon, Fabien and Beaudoux, Olivier},
  booktitle={Proceedings of the 8th ACM SIGCHI Symposium on Engineering Interactive Computing Systems},
  pages={263--274},
  year={2016},
  organization={ACM}
}


@inproceedings{cloutier2016wavi,
	title = {{WAVI}: {A} reverse engineering tool for web applications},
	shorttitle = {{WAVI}},
	url = {http://ieeexplore.ieee.org/document/7503744/},
	language = {en},
	publisher = {IEEE},
	author = {Cloutier, Jonathan and Kpodjedo, Segla and El Boussaidi, Ghizlane},
	month = may,
	year = {2016},
	pages = {1--3},
}

@inproceedings{aho2013industrial,
  title={Industrial Adoption of Automatically Extracted GUI Models for Testing.},
  author={Aho, Pekka and Suarez, Matias and Kanstr{\'e}n, Teemu and Memon, Atif M},
  booktitle={EESSMOD MoDELS},
  pages={49--54},
  year={2013}
}